%% This BibTeX bibliography file was created using BibDesk.
%% http://bibdesk.sourceforge.net/


%% Created for nileshf at 2012-05-06 05:48:24 -0400 


%% Saved with string encoding Unicode (UTF-8)


@article{lobell2018eyes,
  title={Eyes in the Sky, Boots on the Ground},
  author={Lobell, David B and Azzari, George and Marshall, Burke and Gourlay, Sydney and Jin, Zhenong and Kilic, Talip and Murray, Siobhan},
  year={2018},
  publisher={World Bank, Washington, DC}
}


@article{cole2017promise,
  title={The Promise and Challenges of Implementing ICT in Indian Agriculture},
  author={Cole, Shawn and Sharma, Garima},
  journal={Mimeo},
  year={2017}
}

@article{casaburi2014harnessing,
  title={Harnessing ICT to increase agricultural production: Evidence from Kenya},
  author={Casaburi, Lorenzo and Kremer, Michael and Mullainathan, Sendhil and Ramrattan, Ravindra},
  journal={Mimeo},
  year={2019}
}

@article{van2017there,
  title={There is an app for that? The impact of community knowledge workers in Uganda},
  author={Van Campenhout, Bjorn},
  journal={Information, Communication \& Society},
  volume={20},
  number={4},
  pages={530--550},
  year={2017},
  publisher={Taylor \& Francis}
}

@article{fabregas2018can,
  title={SMS-extension and Farmer Behavior:Lessons from Six RCTs in East Africa},
  author={Fabregas, Raissa and Kremer, Michael and Lowes, Matthew and On, Robert and Zane, Giulia},
  year={2019},
  journal ={Mimeo}
}

@article{muralidharan2019factorial,
  title={Factorial designs, model selection, and (incorrect) inference in randomized experiments},
  author={Muralidharan, Karthik and Romero, Mauricio and W{\"u}thrich, Kaspar},
  year={2019},
  institution={National Bureau of Economic Research}
}

@article{kremer2007illusion,
  title={The illusion of sustainability},
  author={Kremer, Michael and Miguel, Edward},
  journal={The Quarterly journal of economics},
  volume={122},
  number={3},
  pages={1007--1065},
  year={2007},
  publisher={MIT Press}
}

@article{fabregas2019realizing,
  title={Realizing the potential of digital development: The case of agricultural advice},
  author={Fabregas, Raissa and Kremer, Michael and Schilbach, Frank},
  journal={Science},
  volume={366},
  number={6471},
  year={2019},
  publisher={American Association for the Advancement of Science}
}

@article{rosenzweig2020external,
  title={External validity in a stochastic world: Evidence from low-income countries},
  author={Rosenzweig, Mark R and Udry, Christopher},
  journal={The Review of Economic Studies},
  volume={87},
  number={1},
  pages={343--381},
  year={2020},
  publisher={Oxford University Press}
}

@article{anderson2008multiple,
  title={Multiple inference and gender differences in the effects of early intervention: A reevaluation of the Abecedarian, Perry Preschool, and Early Training Projects},
  author={Anderson, Michael L},
  journal={Journal of the American statistical Association},
  volume={103},
  number={484},
  pages={1481--1495},
  year={2008},
  publisher={Taylor \& Francis}
}

@article{belloni2014inference,
  title={Inference on treatment effects after selection among high-dimensional controls},
  author={Belloni, Alexandre and Chernozhukov, Victor and Hansen, Christian},
  journal={The Review of Economic Studies},
  volume={81},
  number={2},
  pages={608--650},
  year={2014},
  publisher={Oxford University Press}
}

@article{mckenzie2012beyond,
  title={Beyond baseline and follow-up: The case for more T in experiments},
  author={McKenzie, David},
  journal={Journal of development Economics},
  volume={99},
  number={2},
  pages={210--221},
  year={2012},
  publisher={Elsevier}
}




@article{gine2009insurance,
  title={Insurance, credit, and technology adoption: Field experimental evidencefrom Malawi},
  author={Gin{\'e}, Xavier and Yang, Dean},
  journal={Journal of development Economics},
  volume={89},
  number={1},
  pages={1--11},
  year={2009},
  publisher={Elsevier}
}


@article{hanna2014learning,
  title={Learning through noticing: Theory and evidence from a field experiment},
  author={Hanna, Rema and Mullainathan, Sendhil and Schwartzstein, Joshua},
  journal={The Quarterly Journal of Economics},
  volume={129},
  number={3},
  pages={1311--1353},
  year={2014},
  publisher={Oxford University Press}}


@article{fafchamps2012impact,
  title={Impact of SMS-based agricultural information on Indian farmers},
  author={Fafchamps, Marcel and Minten, Bart},
  journal={The World Bank Economic Review},
  volume={26},
  number={3},
  pages={383--414},
  year={2012},
  publisher={World Bank}
}


@article{cohen2010free,
  title={Free distribution or cost-sharing? Evidence from a randomized malaria prevention experiment.},
  author={Cohen, J and Dupas, P and others},
  journal={Quarterly Journal of Economics},
  volume={125},
  number={1},
  pages={1--45},
  year={2010},
  publisher={MIT Press}
}



@article{duflo2011nudging,
  title={Nudging farmers to use fertilizer: Theory and experimental evidence from Kenya},
  author={Duflo, Esther and Kremer, Michael and Robinson, Jonathan},
  journal={The American Economic Review},
  volume={101},
  number={6},
  pages={2350--2390},
  year={2011},
  publisher={American Economic Association}
}


@article{cole2013barriers,
  title={Barriers to household risk management: Evidence from India},
  author={Cole, Shawn and Gin{\'e}, Xavier and Tobacman, Jeremy and Topalova, Petia and Townsend, Robert and Vickery, James},
  journal={American Economic Journal: Applied Economics},
  volume={5},
  number={1},
  pages={104--135},
  year={2013},
  publisher={American Economic Association}
}

@book{world2014world,
  title={World Development Indicators 2014},
  author={World Bank Group, Research},
  year={2012},
  publisher={World Bank Publications}
}


@article{india2015annual,
  title={Annual report 2014-2015 Telecom Regulatory Authority of India},
  author={TRAI},
  year={2015}
}




@article{benyishay2013communicating,
  title={Social learning and incentives for experimentation and communication},
  author={BenYishay, Ariel and Mobarak, A Mushfiq},
  journal={The Review of Economic Studies},
  volume={86},
  number={3},
  pages={976--1009},
  year={2019},
  publisher={Oxford University Press}
}

@article{draca2006productivity,
  title={Productivity and ICT: A Review of the Evidence},
  author={Draca, Mirko and Sadun, Raffaella and Van Reenen, John},
  year={2006},
  journal={Centre for Economic Performance, London School of Economics and Political Science}
}

@book{bold2015low,
  title={Low quality, low returns, low adoption: evidence from the market for fertilizer and hybrid seed in Uganda},
  author={Bold, Tessa and Kaizzi, Kayuki and Svensson, Jakob and Yanagizawa-Drott, David and others},
  year={2015},
  publisher={Centre for Economic Policy Research London, England}
}

@article{Fernando2016sotech,
  title={Seeking the Treated: The Impact of Mobile Extension on Information Exchange in Farmer Peer
Groups},
  author={Fernando, A. Nilesh and Sharma, Garima},
  journal={Mimeo},
  year={2020}
}


@article{cole2015elicitation,
  title={Field Comparisons of Incentive-Compatible Preference Elicitation Techniques},
  author={Cole, Shawn and Fernando, A. Nilesh and Stein, Daniel and Tobacman, Jeremy},
  journal={Journal of Economic Behavior and Organization},
  volume={172},
  pages={33--56},
  year={2020}
  }

@article{banerjee2005growth,
  title={Growth theory through the lens of development economics},
  author={Banerjee, Abhijit V and Duflo, Esther},
  journal={Handbook of economic growth},
  volume={1},
  pages={473--552},
  year={2005},
  publisher={Elsevier}
}


@article{cole2012value,
  title={The Value of Advice: Evidence from Mobile Phone-Based Agricultural Extension},
  author={Cole, Shawn A and Fernando, A Nilesh},
  journal={Mimeo},
  year={2012}
}

@article{hsieh2009misallocation,
  title={Misallocation and Manufacturing TFP in China and India},
  author={Hsieh, Chang-Tai and Klenow, Peter J},
  journal={The Quarterly Journal of Economics},
  volume={124},
  number={4},
  pages={1403--1448},
  year={2009},
  publisher={Oxford University Press}
}



@article{kling2007experimental,
  title={Experimental analysis of neighborhood effects},
  author={Kling, Jeffrey R and Liebman, Jeffrey B and Katz, Lawrence F},
  journal={Econometrica},
  volume={75},
  number={1},
  pages={83--119},
  year={2007},
  publisher={Wiley Online Library}
}



@article{MW_2012,
  title={What are we learning from business training and entrepreneurship evaluations around the developing world?},
  author={McKenzie, D. and Woodruff, C.},
  journal={World Bank Policy Research Working Paper},
  number={6202},
  year={2012}}

@article{Jack_2011,
	Author = {K. Jack},
	Date-Added = {2012-05-06 05:38:38 -0400},
	Date-Modified = {2012-05-06 05:39:48 -0400},
	Journal = {Mimeo},
	Title = {Market Inefficiences and the Adoption of Agricultural Technologies in Developing Countries},
	Year = {2011}}

@electronic{NCC_2012,
	Author = {NCC},
	Date-Added = {2012-05-06 05:37:51 -0400},
	Date-Modified = {2012-05-06 05:48:13 -0400},
	Month = {May},
	Url = {http://www.cotton.org/econ/cropinfo/cropdata/rankings.cfm},
	Year = {2012},
	Bdsk-Url-1 = {http://www.cotton.org/econ/cropinfo/cropdata/rankings.cfm}}

@webpage{USDA_2011,
	Author = {USDA},
	Date-Added = {2012-05-06 05:35:29 -0400},
	Date-Modified = {2012-05-06 05:48:24 -0400},
	Month = {May},
	Url = {http://www.usda.gov/wps/portal/usda/usdahome?parentnav=AGRICULTURE&navid=CROP_PRODUCTION&navtype=RT},
	Year = {2012},
	Bdsk-Url-1 = {http://www.usda.gov/wps/portal/usda/usdahome?parentnav=AGRICULTURE&navid=CROP_PRODUCTION&navtype=RT}}

@article{Feder_1979,
	Author = {G. Feder},
	Date-Added = {2012-01-26 21:27:16 -0500},
	Date-Modified = {2012-01-26 21:28:06 -0500},
	Journal = {American Journal of Agricultural Economics},
	Number = {1},
	Title = {Pesticides, Information and Pest Management under Uncertainty},
	Volume = {61},
	Year = {1979}}

@article{Patel_2010,
	Author = {N. Patel and D. Chittamuru and A. Jain and P. Dave and T. Parikh},
	Date-Added = {2012-01-26 21:24:20 -0500},
	Date-Modified = {2012-01-26 21:25:12 -0500},
	Journal = {Proceedings of ACM Conference on Human Factors in Computing Systems},
	Title = {Avaaj Otalo - A Field Study of an Interactive Voice Forum for Small Farmers in Rural India},
	Year = {2010}}

@article{Hindu_2010,
	Author = {Priscilla Jebaraj},
	Date-Added = {2012-01-26 21:13:14 -0500},
	Date-Modified = {2012-01-26 21:19:18 -0500},
	Title = {Bt cotton ineffective against pest in parts of Gujarat, admits Monsanto},
	Year = {2010}}

@booklet{EJF_2007,
	Author = {Environmental Justice Foundation},
	Date-Added = {2012-01-26 21:10:31 -0500},
	Date-Modified = {2012-01-26 21:42:46 -0500},
	Title = {The Deadly Chemicals in Cotton},
	Year = {2007}}

@article{Aker_2011,
	Author = {J. Aker},
	Date-Added = {2012-01-26 21:02:30 -0500},
	Date-Modified = {2012-01-26 21:03:06 -0500},
	Journal = {Agricultural Economics},
	Title = {Dial "A" for Agriculture: Using ICT's for Agricultural Extension in Development Countries},
	Year = {2011}}

@article{AF_2007,
	Author = {K. Anderson and G. Feder},
	Date-Added = {2012-01-26 19:46:48 -0500},
	Date-Modified = {2012-01-26 19:47:33 -0500},
	Journal = {Handbook of Agricultural Economics},
	Title = {Chapter 44: Agricultural Extension},
	Year = {2007}}



	@book{Saito_1990,
  title={Agricultural extension for women farmers in Africa},
  author={Saito, Katrine Anderson and Weidemann, Celia Jean},
  number={103},
  year={1990},
  publisher={World Bank Publications}
}

@article{Anderson_2007,
	Author = {J. Anderson and R. Birner},
	Date-Added = {2012-01-26 19:33:36 -0500},
	Date-Modified = {2012-01-26 19:44:15 -0500},
	Journal = {IFPRI Discussion Paper 00729},
	Title = {How to Make Agricultural Extension Demand-Driven? : The Case of India's Agricultural Extension Policy},
	Year = {2007}}

@article{GBA_2010,
	Author = {C. Glendenning and S. Babu and K. Asenso-Okyere},
	Date-Added = {2012-01-26 19:31:16 -0500},
	Date-Modified = {2012-01-26 19:32:28 -0500},
	Journal = {IFPRI Discussion Paper 01048},
	Title = {Review of Agricultural Extension in India: Are Farmer' Information Needs Being Met?},
	Year = {2010}}

@article{Feder_2005,
	Author = {G. Feder},
	Date-Added = {2012-01-26 19:28:24 -0500},
	Date-Modified = {2012-01-26 23:14:25 -0500},
	Journal = {New Agriculturalist},
	Title = {The challenges facing agricultural extension - and a new opportunity},
	Urldate = {03/2005},
	Year = {2005}}

@article{FR_2010,
	Author = {A. Foster and M. Rosenzweig},
	Date-Added = {2012-01-26 19:19:10 -0500},
	Date-Modified = {2012-01-26 19:20:12 -0500},
	Journal = {Annual Reviews of Economics},
	Title = {Microeconomics of Technology Adoption},
	Year = {2010}}

@article{Bardhan_2011,
	Author = {P. Bardhan and D. Mookherjee},
	Date-Added = {2012-01-26 19:13:04 -0500},
	Date-Modified = {2012-01-26 19:14:27 -0500},
	Journal = {American Economic Journal: Applied Economics},
	Number = {4},
	Title = {Subsidized Farm Input Programs and Agricultural Performance: A Farm-Level Analysis of West Bengal's Green Revolution, 1982-1995},
	Volume = {3},
	Year = {2011}}

@article{Birkhaeuser_1991,
	Author = {D. Birkhaeuser and R. Evenson and G. Feder},
	Date-Added = {2012-01-26 19:09:56 -0500},
	Date-Modified = {2012-01-26 19:11:18 -0500},
	Journal = {Economic Development and Cultural Change},
	Title = {The Economic Impact of Agricultural Extension: A Review},
	Year = {1991}}

@article{Gandhi_2009,
	Author = {R. Gandhi and R. Veeraraghavan and K. Toyama and V. Ramprasad},
	Date-Added = {2012-01-26 18:50:31 -0500},
	Date-Modified = {2012-01-26 18:54:59 -0500},
	Journal = {Information Technologies and International Development},
	Number = {1},
	Title = {Digital Green: Participatory Video and Instruction for Agricultural Extension},
	Volume = {5},
	Year = {2009}}

@article{Feder_1987,
	Author = {G. Feder and L. Lau and R. Slade},
	Date-Added = {2012-01-26 18:46:28 -0500},
	Date-Modified = {2012-01-26 18:50:01 -0500},
	Journal = {American Journal of Agricultural Economics},
	Number = {3},
	Title = {Does Agricultural Extension Pay? The Training and Visit System in Northwest India},
	Volume = {69},
	Year = {1987}}

@article{DKR_2011,
	Author = {Duflo, E. and M. Kremer and J. Robinson},
	Date-Modified = {2012-01-26 21:40:18 -0500},
	Journal = {Nudging Farmers to USe Fertilizer: Theory and Experimental Evidence in Kenya},
	Title = {How High are Rates of Return to Fertilizer? Evidence from Field Experiments in Kenya},
	Year = 2011}
